@incollection{kargas2020reinventing,
  title={Reinventing museums in 21st century: Implementing augmented reality and virtual reality technologies alongside social Media's logics},
  author={Kargas, Antonios and Karitsioti, Nikoletta and Loumos, Georgios},
  booktitle={Virtual and augmented reality in education, art, and museums},
  pages={117--138},
  year={2020},
  publisher={IGI Global}
  
}
@incollection{kunjir2020challenges,
  title={Challenges of Mobile Augmented Reality in Museums and Art Galleries for Visitors Suffering From Vision, Speech, and Learning Disabilities},
  author={Kunjir, Ajinkya Rajendrakumar and Patil, Krutika Ravindra},
  booktitle={Virtual and augmented reality in education, art, and museums},
  pages={162--173},
  year={2020},
  publisher={IGI Global}
  
}
@incollection{kang2020employing,
  title={Employing digital reality technologies in art exhibitions and museums: A global survey of best practices and implications},
  author={Kang, Yowei and Yang, Kenneth CC},
  booktitle={Virtual and augmented reality in education, art, and museums},
  pages={139--161},
  year={2020},
  publisher={IGI Global}
  
}
@incollection{clini2020digit,
  title={Digit (al) isation in Museums: Civitas Project--AR, VR, Multisensorial and Multiuser Experiences at the Urbino's Ducal Palace},
  author={Clini, Paolo and Quattrini, Ramona and Bonvini, Paolo and Nespeca, Romina and Angeloni, Renato and Mammoli, Raissa and Dragoni, Aldo Franco and Morbidoni, Christian and Sernani, Paolo and Mengoni, Maura and others},
  booktitle={Virtual and augmented reality in education, art, and museums},
  pages={194--228},
  year={2020},
  publisher={IGI Global}
 
}
@book{guazzaroni2019virtual,
  title={Virtual and augmented reality in Education, Art, and Museums},
  author={Guazzaroni, Giuliana and Pillai, Anitha S},
  year={2019},
  publisher={IGI Global}
}
